@article{Bottom-UpDistance,
  title={An Efficient Bottom-Up Distance between Trees},
  author={Gabriel Valiente},
  %journal={},
  %volume={10},
  %number={3},
  %pages={263--282},
  year={2001},
  publisher={IEEE Computer Science Press}
}

@article{tree-to-tree,
  title={The tree-to-Tree Correction Problem},
  author={KUO-CHUNG TAI},
  %journal={},
  volume={26},
  %number={3},
  pages={432--433},
  year={1979},
  publisher={Journal of the Association for Computing Machmery}
}
