@article{Comparing multiple RNA secondary structures using tree comparisons,
  title={Comparing multiple RNA secondary structures using tree comparisons},
  author={Bruc A.Shapiro, Kaizhong Zhang},
  %journal={},
  %volume={},
  %number={},
  pages={309-318},
  year={1990},
  publisher={CABIOS}
}



@article{HTML 4 Specification,
  title={HTML 4 Specification},
  author={W3C},
  %journal={},
  %volume={},
  %number={},
  %pages={},
  year={1999},
  publisher={HTML Specification}
}

@article{HTML 4.01 Specification,
  title={HTML 4.01 Specification},
  author={W3C},
  %journal={},
  %volume={10},
  %number={3},
  pages={1245-1262},
  year={1999},
  publisher={HTML Specification}
}


@article{SIMPLE FAST ALGORITHMS FOR THE EDITING DISTANCE BETWEEN TREES AND RELATED PROBLEMS,
  title={Simple fast algorithms for the editing distance between trees and related problems},
  author={KAIZHONG ZHANG, DENNIS SHASHA},
  %journal={},
  %volume={10},
  %number={3},
  pages={1245-1262},
  year={1989},
  publisher={SIAM J. COMPUT}
}


@article{tree-to-tree,
  title={The tree-to-Tree Correction Problem},
  author={KUO-CHUNG TAI},
  %journal={},
  volume={26},
  %number={3},
  pages={432--433},
  year={1979},
  publisher={Journal of the Association for Computing Machmery}
}

@article{Takana,
  title={The Tree-to-Tree editing distance problem},
  author={E. Takana, K. Takana},
  %journal={},
  %volume={10},
  %number={3},
  pages={221--241},
  year={1998},
  publisher={Int. J. Pattern Recognition Artif. Intell. 2}
}
